@article{billinghurst2015survey,
  title={A survey of augmented reality},
  author={Billinghurst, Mark and Clark, Adrian and Lee, Gun and others},
  journal={Foundations and Trends{\textregistered} in Human--Computer Interaction},
  volume={8},
  number={2-3},
  pages={73--272},
  year={2015},
  publisher={Now Publishers, Inc.}
}
@INPROCEEDINGS{4079262,
  author={Platonov, Juri and Heibel, Hauke and Meier, Peter and Grollmann, Bert},
  booktitle={2006 IEEE/ACM International Symposium on Mixed and Augmented Reality}, 
  title={A mobile markerless AR system for maintenance and repair}, 
  year={2006},
  volume={},
  number={},
  pages={105-108},
  doi={10.1109/ISMAR.2006.297800}
  }
  @ARTICLE{5620905,
  author={Henderson, Steven and Feiner, Steven},
  journal={IEEE Transactions on Visualization and Computer Graphics}, 
  title={Exploring the Benefits of Augmented Reality Documentation for Maintenance and Repair}, 
  year={2011},
  volume={17},
  number={10},
  pages={1355-1368},
  doi={10.1109/TVCG.2010.245}
  }
  @article{liu2022probing,
  title={Probing an intelligent predictive maintenance approach with deep learning and augmented reality for machine tools in IoT-enabled manufacturing},
  author={Liu, Changchun and Zhu, Haihua and Tang, Dunbing and Nie, Qingwei and Zhou, Tong and Wang, Liping and Song, Yejia},
  journal={Robotics and Computer-Integrated Manufacturing},
  volume={77},
  pages={102357},
  year={2022},
  publisher={Elsevier}
}
@article{etonam2019augmented,
  title={Augmented reality (ar) application in manufacturing encompassing quality control and maintenance},
  author={Etonam, Amelessodji Kokougan and Di Gravio, Giulio and Kuloba, Patrick W and Njiri, Jackson G},
  journal={International Journal of Engineering and Advanced Technology},
  volume={9},
  number={1},
  pages={197--204},
  year={2019}
}
@ARTICLE{9112336,
  author={Li, Shufei and Zheng, Pai and Zheng, Lianyu},
  journal={IEEE Transactions on Industrial Informatics}, 
  title={An AR-Assisted Deep Learning-Based Approach for Automatic Inspection of Aviation Connectors}, 
  year={2021},
  volume={17},
  number={3},
  pages={1721-1731},
  doi={10.1109/TII.2020.3000870}}
